%YAML 1.1
%TAG !u! tag:unity3d.com,2011:
--- !u!1 &2238336269049764406
GameObject:
  m_ObjectHideFlags: 0
  m_CorrespondingSourceObject: {fileID: 0}
  m_PrefabInstance: {fileID: 0}
  m_PrefabAsset: {fileID: 0}
  serializedVersion: 6
  m_Component:
  - component: {fileID: 2238336269049764409}
  - component: {fileID: 2238336269049764408}
  - component: {fileID: 2238336269049764407}
  m_Layer: 8
  m_Name: MarkImage
  m_TagString: Untagged
  m_Icon: {fileID: 0}
  m_NavMeshLayer: 0
  m_StaticEditorFlags: 0
  m_IsActive: 0
--- !u!224 &2238336269049764409
RectTransform:
  m_ObjectHideFlags: 0
  m_CorrespondingSourceObject: {fileID: 0}
  m_PrefabInstance: {fileID: 0}
  m_PrefabAsset: {fileID: 0}
  m_GameObject: {fileID: 2238336269049764406}
  m_LocalRotation: {x: 0, y: 0, z: 0, w: 1}
  m_LocalPosition: {x: 0, y: 0, z: -0.06}
  m_LocalScale: {x: 1, y: 1, z: 1}
  m_Children: []
  m_Father: {fileID: 5242822280738235618}
  m_RootOrder: 1
  m_LocalEulerAnglesHint: {x: 0, y: 0, z: 0}
  m_AnchorMin: {x: 0.5, y: 0.5}
  m_AnchorMax: {x: 0.5, y: 0.5}
  m_AnchoredPosition: {x: 644, y: 275}
  m_SizeDelta: {x: 400, y: 400}
  m_Pivot: {x: 0.5, y: 0.5}
--- !u!222 &2238336269049764408
CanvasRenderer:
  m_ObjectHideFlags: 0
  m_CorrespondingSourceObject: {fileID: 0}
  m_PrefabInstance: {fileID: 0}
  m_PrefabAsset: {fileID: 0}
  m_GameObject: {fileID: 2238336269049764406}
  m_CullTransparentMesh: 0
--- !u!114 &2238336269049764407
MonoBehaviour:
  m_ObjectHideFlags: 0
  m_CorrespondingSourceObject: {fileID: 0}
  m_PrefabInstance: {fileID: 0}
  m_PrefabAsset: {fileID: 0}
  m_GameObject: {fileID: 2238336269049764406}
  m_Enabled: 1
  m_EditorHideFlags: 0
  m_Script: {fileID: 11500000, guid: fe87c0e1cc204ed48ad3b37840f39efc, type: 3}
  m_Name: 
  m_EditorClassIdentifier: 
  m_Material: {fileID: 0}
  m_Color: {r: 1, g: 1, b: 1, a: 1}
  m_RaycastTarget: 1
  m_Maskable: 1
  m_OnCullStateChanged:
    m_PersistentCalls:
      m_Calls: []
  m_Sprite: {fileID: 21300000, guid: af6386bd92f594344a7ee0940c6ef34d, type: 3}
  m_Type: 0
  m_PreserveAspect: 0
  m_FillCenter: 1
  m_FillMethod: 4
  m_FillAmount: 1
  m_FillClockwise: 1
  m_FillOrigin: 0
  m_UseSpriteMesh: 0
  m_PixelsPerUnitMultiplier: 1
--- !u!1 &5242822279993393991
GameObject:
  m_ObjectHideFlags: 0
  m_CorrespondingSourceObject: {fileID: 0}
  m_PrefabInstance: {fileID: 0}
  m_PrefabAsset: {fileID: 0}
  serializedVersion: 6
  m_Component:
  - component: {fileID: 5242822279993393988}
  - component: {fileID: 5242822279993394042}
  - component: {fileID: 5242822279993393989}
  m_Layer: 8
  m_Name: Text (TMP)
  m_TagString: Untagged
  m_Icon: {fileID: 0}
  m_NavMeshLayer: 0
  m_StaticEditorFlags: 0
  m_IsActive: 1
--- !u!224 &5242822279993393988
RectTransform:
  m_ObjectHideFlags: 0
  m_CorrespondingSourceObject: {fileID: 0}
  m_PrefabInstance: {fileID: 0}
  m_PrefabAsset: {fileID: 0}
  m_GameObject: {fileID: 5242822279993393991}
  m_LocalRotation: {x: 0, y: 0, z: 0, w: 1}
  m_LocalPosition: {x: 0, y: 0, z: 0}
  m_LocalScale: {x: 1, y: 1, z: 1}
  m_Children:
  - {fileID: 5242822281339011737}
  m_Father: {fileID: 5242822280738235618}
  m_RootOrder: 0
  m_LocalEulerAnglesHint: {x: 0, y: 0, z: 0}
  m_AnchorMin: {x: 0, y: 0}
  m_AnchorMax: {x: 1, y: 1}
  m_AnchoredPosition: {x: 0, y: 0}
  m_SizeDelta: {x: 0, y: 0}
  m_Pivot: {x: 0.5, y: 0.5}
--- !u!222 &5242822279993394042
CanvasRenderer:
  m_ObjectHideFlags: 0
  m_CorrespondingSourceObject: {fileID: 0}
  m_PrefabInstance: {fileID: 0}
  m_PrefabAsset: {fileID: 0}
  m_GameObject: {fileID: 5242822279993393991}
  m_CullTransparentMesh: 0
--- !u!114 &5242822279993393989
MonoBehaviour:
  m_ObjectHideFlags: 0
  m_CorrespondingSourceObject: {fileID: 0}
  m_PrefabInstance: {fileID: 0}
  m_PrefabAsset: {fileID: 0}
  m_GameObject: {fileID: 5242822279993393991}
  m_Enabled: 1
  m_EditorHideFlags: 0
  m_Script: {fileID: 11500000, guid: f4688fdb7df04437aeb418b961361dc5, type: 3}
  m_Name: 
  m_EditorClassIdentifier: 
  m_Material: {fileID: 0}
  m_Color: {r: 1, g: 1, b: 1, a: 1}
  m_RaycastTarget: 1
  m_Maskable: 1
  m_OnCullStateChanged:
    m_PersistentCalls:
      m_Calls: []
  m_text: "\u6211\u660E\u2F69\u4F60\u2F00\u5B9A\u597D\u5931\u671B\u540C\u5514\u958B\u2F3C\u3002\u4F60\u4ED8\u51FA\u904E\u5605\u52AA\u2F12\u4FC2\u5514\u6703\u2F69\u8CBB\u67B6\u3002\u2F00\u5B9A\u6709\u5730\u2F45\u53EF\u4EE5\u4FFE\u4F60\u767C\u63EE\u6240\u9577\uFF01"
  m_isRightToLeft: 0
  m_fontAsset: {fileID: 11400000, guid: 4f92f0f36e4044bba9b592f5e5801dc3, type: 2}
  m_sharedMaterial: {fileID: 8487659970039771367, guid: 4f92f0f36e4044bba9b592f5e5801dc3,
    type: 2}
  m_fontSharedMaterials: []
  m_fontMaterial: {fileID: 0}
  m_fontMaterials: []
  m_fontColor32:
    serializedVersion: 2
    rgba: 4278190080
  m_fontColor: {r: 0, g: 0, b: 0, a: 1}
  m_enableVertexGradient: 0
  m_colorMode: 3
  m_fontColorGradient:
    topLeft: {r: 1, g: 1, b: 1, a: 1}
    topRight: {r: 1, g: 1, b: 1, a: 1}
    bottomLeft: {r: 1, g: 1, b: 1, a: 1}
    bottomRight: {r: 1, g: 1, b: 1, a: 1}
  m_fontColorGradientPreset: {fileID: 0}
  m_spriteAsset: {fileID: 0}
  m_tintAllSprites: 0
  m_overrideHtmlColors: 0
  m_faceColor:
    serializedVersion: 2
    rgba: 4294967295
  m_outlineColor:
    serializedVersion: 2
    rgba: 4278190080
  m_fontSize: 90.05
  m_fontSizeBase: 36
  m_fontWeight: 400
  m_enableAutoSizing: 1
  m_fontSizeMin: 18
  m_fontSizeMax: 300
  m_fontStyle: 0
  m_textAlignment: 513
  m_characterSpacing: 0
  m_wordSpacing: 0
  m_lineSpacing: 0
  m_lineSpacingMax: 0
  m_paragraphSpacing: 0
  m_charWidthMaxAdj: 0
  m_enableWordWrapping: 1
  m_wordWrappingRatios: 0.4
  m_overflowMode: 0
  m_firstOverflowCharacterIndex: -1
  m_linkedTextComponent: {fileID: 0}
  m_isLinkedTextComponent: 0
  m_isTextTruncated: 0
  m_enableKerning: 1
  m_enableExtraPadding: 0
  checkPaddingRequired: 0
  m_isRichText: 1
  m_parseCtrlCharacters: 1
  m_isOrthographic: 1
  m_isCullingEnabled: 0
  m_ignoreRectMaskCulling: 0
  m_ignoreCulling: 1
  m_horizontalMapping: 0
  m_verticalMapping: 0
  m_uvLineOffset: 0
  m_geometrySortingOrder: 0
  m_VertexBufferAutoSizeReduction: 1
  m_firstVisibleCharacter: 0
  m_useMaxVisibleDescender: 1
  m_pageToDisplay: 1
  m_margin: {x: 0, y: 0, z: 0, w: 0}
  m_textInfo:
    textComponent: {fileID: 5242822279993393989}
    characterCount: 42
    spriteCount: 0
    spaceCount: 0
    wordCount: 8
    linkCount: 0
    lineCount: 3
    pageCount: 1
    materialCount: 1
  m_isUsingLegacyAnimationComponent: 0
  m_isVolumetricText: 0
  m_spriteAnimator: {fileID: 0}
  m_hasFontAssetChanged: 0
  m_subTextObjects:
  - {fileID: 0}
  - {fileID: 5242822281339011742}
  - {fileID: 0}
  - {fileID: 0}
  - {fileID: 0}
  - {fileID: 0}
  - {fileID: 0}
  - {fileID: 0}
  m_baseMaterial: {fileID: 0}
  m_maskOffset: {x: 0, y: 0, z: 0, w: 0}
--- !u!1 &5242822280582222289
GameObject:
  m_ObjectHideFlags: 0
  m_CorrespondingSourceObject: {fileID: 0}
  m_PrefabInstance: {fileID: 0}
  m_PrefabAsset: {fileID: 0}
  serializedVersion: 6
  m_Component:
  - component: {fileID: 5242822280582222294}
  - component: {fileID: 5242822280582222290}
  m_Layer: 8
  m_Name: PFB_Answer_AnswerBox2
  m_TagString: Untagged
  m_Icon: {fileID: 1206586993520771344, guid: 0000000000000000d000000000000000, type: 0}
  m_NavMeshLayer: 0
  m_StaticEditorFlags: 0
  m_IsActive: 0
--- !u!4 &5242822280582222294
Transform:
  m_ObjectHideFlags: 0
  m_CorrespondingSourceObject: {fileID: 0}
  m_PrefabInstance: {fileID: 0}
  m_PrefabAsset: {fileID: 0}
  m_GameObject: {fileID: 5242822280582222289}
  m_LocalRotation: {x: 0, y: 0, z: 0, w: 1}
  m_LocalPosition: {x: 0, y: 0, z: 0}
  m_LocalScale: {x: 1, y: 1, z: 1}
  m_Children:
  - {fileID: 6515193759336100073}
  m_Father: {fileID: 0}
  m_RootOrder: 0
  m_LocalEulerAnglesHint: {x: 0, y: 0, z: 0}
--- !u!114 &5242822280582222290
MonoBehaviour:
  m_ObjectHideFlags: 0
  m_CorrespondingSourceObject: {fileID: 0}
  m_PrefabInstance: {fileID: 0}
  m_PrefabAsset: {fileID: 0}
  m_GameObject: {fileID: 5242822280582222289}
  m_Enabled: 1
  m_EditorHideFlags: 0
  m_Script: {fileID: 11500000, guid: 10d8968c4b6804e79ae07e136b15af27, type: 3}
  m_Name: 
  m_EditorClassIdentifier: 
  originTransform: {fileID: 0}
  collider: {fileID: 4600742215455444205}
  answerText: {fileID: 5242822279993393989}
  interactableObject: {fileID: 2238336270095199771}
  textRenderer: {fileID: 8362359740593157670}
  normalTextMaterial: {fileID: 2100000, guid: 2b92b60781aa84a34a64b567ef684004, type: 2}
  greyTextMaterial: {fileID: 2100000, guid: cdcfd7ed3f3598645b0a702bb6368448, type: 2}
  markImage: {fileID: 2238336269049764407}
  correctSprite: {fileID: 21300000, guid: 65cf8d6ef02b64db585a502923c5e580, type: 3}
  wrongSprite: {fileID: 21300000, guid: af6386bd92f594344a7ee0940c6ef34d, type: 3}
  originalPos: {x: 0.5, y: 0.2, z: 10}
  originalEulerAngles: {x: -20, y: 0, z: 0}
--- !u!1 &5242822280738235629
GameObject:
  m_ObjectHideFlags: 0
  m_CorrespondingSourceObject: {fileID: 0}
  m_PrefabInstance: {fileID: 0}
  m_PrefabAsset: {fileID: 0}
  serializedVersion: 6
  m_Component:
  - component: {fileID: 5242822280738235618}
  - component: {fileID: 5242822280738235617}
  - component: {fileID: 5242822280738235616}
  - component: {fileID: 5242822280738235619}
  m_Layer: 8
  m_Name: Canvas
  m_TagString: Untagged
  m_Icon: {fileID: 0}
  m_NavMeshLayer: 0
  m_StaticEditorFlags: 0
  m_IsActive: 1
--- !u!224 &5242822280738235618
RectTransform:
  m_ObjectHideFlags: 0
  m_CorrespondingSourceObject: {fileID: 0}
  m_PrefabInstance: {fileID: 0}
  m_PrefabAsset: {fileID: 0}
  m_GameObject: {fileID: 5242822280738235629}
  m_LocalRotation: {x: 0, y: 0.7071068, z: 0.7071068, w: 0}
  m_LocalPosition: {x: 0, y: 0, z: 0.168}
  m_LocalScale: {x: 0.001, y: 0.001, z: 1}
  m_Children:
  - {fileID: 5242822279993393988}
  - {fileID: 2238336269049764409}
  m_Father: {fileID: 6515193759336100073}
  m_RootOrder: 0
  m_LocalEulerAnglesHint: {x: -90, y: 180, z: 0}
  m_AnchorMin: {x: 0, y: 0}
  m_AnchorMax: {x: 0, y: 0}
  m_AnchoredPosition: {x: 0.084, y: 0.006}
  m_SizeDelta: {x: 1300, y: 400}
  m_Pivot: {x: 0.5, y: 0.5}
--- !u!223 &5242822280738235617
Canvas:
  m_ObjectHideFlags: 0
  m_CorrespondingSourceObject: {fileID: 0}
  m_PrefabInstance: {fileID: 0}
  m_PrefabAsset: {fileID: 0}
  m_GameObject: {fileID: 5242822280738235629}
  m_Enabled: 1
  serializedVersion: 3
  m_RenderMode: 2
  m_Camera: {fileID: 0}
  m_PlaneDistance: 100
  m_PixelPerfect: 0
  m_ReceivesEvents: 1
  m_OverrideSorting: 0
  m_OverridePixelPerfect: 0
  m_SortingBucketNormalizedSize: 0
  m_AdditionalShaderChannelsFlag: 25
  m_SortingLayerID: 0
  m_SortingOrder: 0
  m_TargetDisplay: 0
--- !u!114 &5242822280738235616
MonoBehaviour:
  m_ObjectHideFlags: 0
  m_CorrespondingSourceObject: {fileID: 0}
  m_PrefabInstance: {fileID: 0}
  m_PrefabAsset: {fileID: 0}
  m_GameObject: {fileID: 5242822280738235629}
  m_Enabled: 1
  m_EditorHideFlags: 0
  m_Script: {fileID: 11500000, guid: 0cd44c1031e13a943bb63640046fad76, type: 3}
  m_Name: 
  m_EditorClassIdentifier: 
  m_UiScaleMode: 0
  m_ReferencePixelsPerUnit: 100
  m_ScaleFactor: 1
  m_ReferenceResolution: {x: 800, y: 600}
  m_ScreenMatchMode: 0
  m_MatchWidthOrHeight: 0
  m_PhysicalUnit: 3
  m_FallbackScreenDPI: 96
  m_DefaultSpriteDPI: 96
  m_DynamicPixelsPerUnit: 1
--- !u!114 &5242822280738235619
MonoBehaviour:
  m_ObjectHideFlags: 0
  m_CorrespondingSourceObject: {fileID: 0}
  m_PrefabInstance: {fileID: 0}
  m_PrefabAsset: {fileID: 0}
  m_GameObject: {fileID: 5242822280738235629}
  m_Enabled: 1
  m_EditorHideFlags: 0
  m_Script: {fileID: 11500000, guid: dc42784cf147c0c48a680349fa168899, type: 3}
  m_Name: 
  m_EditorClassIdentifier: 
  m_IgnoreReversedGraphics: 1
  m_BlockingObjects: 0
  m_BlockingMask:
    serializedVersion: 2
    m_Bits: 4294967295
--- !u!1 &5242822281339011736
GameObject:
  m_ObjectHideFlags: 0
  m_CorrespondingSourceObject: {fileID: 0}
  m_PrefabInstance: {fileID: 0}
  m_PrefabAsset: {fileID: 0}
  serializedVersion: 6
  m_Component:
  - component: {fileID: 5242822281339011737}
  - component: {fileID: 5242822281339011743}
  - component: {fileID: 5242822281339011742}
  m_Layer: 8
  m_Name: TMP SubMeshUI [NotoSansCJKtc-Black SDF Material + LiberationSans SDF Atlas]
  m_TagString: Untagged
  m_Icon: {fileID: 0}
  m_NavMeshLayer: 0
  m_StaticEditorFlags: 0
  m_IsActive: 1
--- !u!224 &5242822281339011737
RectTransform:
  m_ObjectHideFlags: 0
  m_CorrespondingSourceObject: {fileID: 0}
  m_PrefabInstance: {fileID: 0}
  m_PrefabAsset: {fileID: 0}
  m_GameObject: {fileID: 5242822281339011736}
  m_LocalRotation: {x: 0, y: 0, z: 0, w: 1}
  m_LocalPosition: {x: 0, y: 0, z: 0}
  m_LocalScale: {x: 1, y: 1, z: 1}
  m_Children: []
  m_Father: {fileID: 5242822279993393988}
  m_RootOrder: 0
  m_LocalEulerAnglesHint: {x: 0, y: 0, z: 0}
  m_AnchorMin: {x: 0, y: 0}
  m_AnchorMax: {x: 1, y: 1}
  m_AnchoredPosition: {x: 0, y: 0}
  m_SizeDelta: {x: 0, y: 0}
  m_Pivot: {x: 0.5, y: 0.5}
--- !u!222 &5242822281339011743
CanvasRenderer:
  m_ObjectHideFlags: 0
  m_CorrespondingSourceObject: {fileID: 0}
  m_PrefabInstance: {fileID: 0}
  m_PrefabAsset: {fileID: 0}
  m_GameObject: {fileID: 5242822281339011736}
  m_CullTransparentMesh: 0
--- !u!114 &5242822281339011742
MonoBehaviour:
  m_ObjectHideFlags: 0
  m_CorrespondingSourceObject: {fileID: 0}
  m_PrefabInstance: {fileID: 0}
  m_PrefabAsset: {fileID: 0}
  m_GameObject: {fileID: 5242822281339011736}
  m_Enabled: 0
  m_EditorHideFlags: 0
  m_Script: {fileID: 11500000, guid: 058cba836c1846c3aa1c5fd2e28aea77, type: 3}
  m_Name: 
  m_EditorClassIdentifier: 
  m_Material: {fileID: 0}
  m_Color: {r: 1, g: 1, b: 1, a: 1}
  m_RaycastTarget: 1
  m_Maskable: 1
  m_OnCullStateChanged:
    m_PersistentCalls:
      m_Calls: []
  m_fontAsset: {fileID: 11400000, guid: 8f586378b4e144a9851e7b34d9b748ee, type: 2}
  m_spriteAsset: {fileID: 0}
  m_material: {fileID: 0}
  m_sharedMaterial: {fileID: 0}
  m_isDefaultMaterial: 0
  m_padding: 0
  m_canvasRenderer: {fileID: 5242822281339011743}
  m_TextComponent: {fileID: 5242822279993393989}
  m_materialReferenceIndex: 1
--- !u!114 &2238336270095199771
MonoBehaviour:
  m_ObjectHideFlags: 0
  m_CorrespondingSourceObject: {fileID: 0}
  m_PrefabInstance: {fileID: 0}
  m_PrefabAsset: {fileID: 0}
  m_GameObject: {fileID: 7796232248185258746}
  m_Enabled: 1
  m_EditorHideFlags: 0
  m_Script: {fileID: 11500000, guid: 620c18d781c784f22b043f95566fe7ca, type: 3}
  m_Name: 
  m_EditorClassIdentifier: 
  hoverOffset: {x: 0, y: 0.5, z: 0.4}
  collider: {fileID: 4600742215455444205}
  source: 0
  clickActions:
  - actionPath: /actions/default/in/InteractUI
    needsReinit: 0
  - actionPath: /actions/default/in/Teleport
    needsReinit: 0
  - actionPath: /actions/default/in/GrabPinch
    needsReinit: 0
  shrinkDuration: 0.2
  normalScale: 1
  hoverDuration: 0.2
  hoverScale: 1.8
  downDuration: 0.2
  downScale: 1.9
  clickDuration: 0.3
  clickScale: 2
  Unhovered:
    m_PersistentCalls:
      m_Calls:
      - m_Target: {fileID: 0}
        m_MethodName: Play
        m_Mode: 1
        m_Arguments:
          m_ObjectArgument: {fileID: 0}
          m_ObjectArgumentAssemblyTypeName: UnityEngine.Object, UnityEngine
          m_IntArgument: 0
          m_FloatArgument: 0
          m_StringArgument: 
          m_BoolArgument: 0
        m_CallState: 2
  Hovered:
    m_PersistentCalls:
      m_Calls:
      - m_Target: {fileID: 0}
        m_MethodName: Play
        m_Mode: 1
        m_Arguments:
          m_ObjectArgument: {fileID: 0}
          m_ObjectArgumentAssemblyTypeName: UnityEngine.Object, UnityEngine
          m_IntArgument: 0
          m_FloatArgument: 0
          m_StringArgument: 
          m_BoolArgument: 0
        m_CallState: 2
  Downed:
    m_PersistentCalls:
      m_Calls: []
  Clicking:
    m_PersistentCalls:
      m_Calls:
      - m_Target: {fileID: 0}
        m_MethodName: EnableBoxesInteract
        m_Mode: 6
        m_Arguments:
          m_ObjectArgument: {fileID: 0}
          m_ObjectArgumentAssemblyTypeName: UnityEngine.Object, UnityEngine
          m_IntArgument: 0
          m_FloatArgument: 0
          m_StringArgument: 
          m_BoolArgument: 0
        m_CallState: 2
  Clicked:
    m_PersistentCalls:
      m_Calls:
      - m_Target: {fileID: 0}
        m_MethodName: SelectAnswer
        m_Mode: 2
        m_Arguments:
          m_ObjectArgument: {fileID: 5242822280582222290}
          m_ObjectArgumentAssemblyTypeName: HKJC.Donkey.Answer.AnswerBox, Assembly-CSharp
          m_IntArgument: 0
          m_FloatArgument: 0
          m_StringArgument: 
          m_BoolArgument: 0
        m_CallState: 2
      - m_Target: {fileID: 0}
        m_MethodName: Play
        m_Mode: 1
        m_Arguments:
          m_ObjectArgument: {fileID: 0}
          m_ObjectArgumentAssemblyTypeName: UnityEngine.Object, UnityEngine
          m_IntArgument: 0
          m_FloatArgument: 0
          m_StringArgument: 
          m_BoolArgument: 0
        m_CallState: 2
  IsPointerHover: 0
  highlighter: {fileID: 2238336270095199772}
--- !u!114 &2238336270095199772
MonoBehaviour:
  m_ObjectHideFlags: 0
  m_CorrespondingSourceObject: {fileID: 0}
  m_PrefabInstance: {fileID: 0}
  m_PrefabAsset: {fileID: 0}
  m_GameObject: {fileID: 7796232248185258746}
  m_Enabled: 1
  m_EditorHideFlags: 0
  m_Script: {fileID: 11500000, guid: 67d4de287b46eb34e83a61e4f9115070, type: 3}
  m_Name: 
  m_EditorClassIdentifier: 
  mode: 0
  forceRender: 0
  color: {r: 1, g: 1, b: 1, a: 1}
  _overlay: 0
  _occluder: 0
  _tween: 0
  _tweenGradient:
    serializedVersion: 2
    key0: {r: 0, g: 1, b: 1, a: 0}
    key1: {r: 0, g: 1, b: 1, a: 1}
    key2: {r: 0, g: 0, b: 0, a: 0}
    key3: {r: 0, g: 0, b: 0, a: 0}
    key4: {r: 0, g: 0, b: 0, a: 0}
    key5: {r: 0, g: 0, b: 0, a: 0}
    key6: {r: 0, g: 0, b: 0, a: 0}
    key7: {r: 0, g: 0, b: 0, a: 0}
    ctime0: 0
    ctime1: 65535
    ctime2: 0
    ctime3: 0
    ctime4: 0
    ctime5: 0
    ctime6: 0
    ctime7: 0
    atime0: 0
    atime1: 65535
    atime2: 0
    atime3: 0
    atime4: 0
    atime5: 0
    atime6: 0
    atime7: 0
    m_Mode: 0
    m_NumColorKeys: 2
    m_NumAlphaKeys: 2
  _tweenDuration: 1
  _tweenReverse: 0
  _tweenLoop: 2
  _tweenEasing: 0
  _tweenDelay: 0
  _tweenRepeatCount: -1
  _tweenUseUnscaledTime: 0
  _constant: 0
  _constantColor: {r: 1, g: 0.504717, b: 0.8367144, a: 1}
  _constantFadeInTime: 0.1
  _constantFadeOutTime: 0.25
  _constantEasing: 0
  _constantUseUnscaledTime: 0
  _filterMode: 0
  _filterList: []
--- !u!1001 &2238336268126149619
PrefabInstance:
  m_ObjectHideFlags: 0
  serializedVersion: 2
  m_Modification:
    m_TransformParent: {fileID: 5242822280582222294}
    m_Modifications:
    - target: {fileID: -6860895033569716450, guid: 33be79cf8104643eebd559446d447fb0,
        type: 3}
      propertyPath: m_Convex
      value: 1
      objectReference: {fileID: 0}
    - target: {fileID: -6860895033569716450, guid: 33be79cf8104643eebd559446d447fb0,
        type: 3}
      propertyPath: m_Enabled
      value: 1
      objectReference: {fileID: 0}
    - target: {fileID: -4216859302048453862, guid: 33be79cf8104643eebd559446d447fb0,
        type: 3}
      propertyPath: m_LocalPosition.x
      value: -0.6
      objectReference: {fileID: 0}
    - target: {fileID: -4216859302048453862, guid: 33be79cf8104643eebd559446d447fb0,
        type: 3}
      propertyPath: m_LocalPosition.y
      value: 0.51
      objectReference: {fileID: 0}
    - target: {fileID: -4216859302048453862, guid: 33be79cf8104643eebd559446d447fb0,
        type: 3}
      propertyPath: m_LocalPosition.z
      value: 0
      objectReference: {fileID: 0}
    - target: {fileID: -4216859302048453862, guid: 33be79cf8104643eebd559446d447fb0,
        type: 3}
      propertyPath: m_LocalRotation.x
      value: -0.7071068
      objectReference: {fileID: 0}
    - target: {fileID: -4216859302048453862, guid: 33be79cf8104643eebd559446d447fb0,
        type: 3}
      propertyPath: m_LocalRotation.y
      value: 0
      objectReference: {fileID: 0}
    - target: {fileID: -4216859302048453862, guid: 33be79cf8104643eebd559446d447fb0,
        type: 3}
      propertyPath: m_LocalRotation.z
      value: 0
      objectReference: {fileID: 0}
    - target: {fileID: -4216859302048453862, guid: 33be79cf8104643eebd559446d447fb0,
        type: 3}
      propertyPath: m_LocalRotation.w
      value: 0.7071068
      objectReference: {fileID: 0}
    - target: {fileID: -4216859302048453862, guid: 33be79cf8104643eebd559446d447fb0,
        type: 3}
      propertyPath: m_RootOrder
      value: 0
      objectReference: {fileID: 0}
    - target: {fileID: -4216859302048453862, guid: 33be79cf8104643eebd559446d447fb0,
        type: 3}
      propertyPath: m_LocalEulerAnglesHint.x
      value: -90
      objectReference: {fileID: 0}
    - target: {fileID: -4216859302048453862, guid: 33be79cf8104643eebd559446d447fb0,
        type: 3}
      propertyPath: m_LocalEulerAnglesHint.y
      value: 0
      objectReference: {fileID: 0}
    - target: {fileID: -4216859302048453862, guid: 33be79cf8104643eebd559446d447fb0,
        type: 3}
      propertyPath: m_LocalEulerAnglesHint.z
      value: 0
      objectReference: {fileID: 0}
    - target: {fileID: -4216859302048453862, guid: 33be79cf8104643eebd559446d447fb0,
        type: 3}
      propertyPath: m_LocalScale.x
      value: 1
      objectReference: {fileID: 0}
    - target: {fileID: -4216859302048453862, guid: 33be79cf8104643eebd559446d447fb0,
        type: 3}
      propertyPath: m_LocalScale.y
      value: 1
      objectReference: {fileID: 0}
    - target: {fileID: -4216859302048453862, guid: 33be79cf8104643eebd559446d447fb0,
        type: 3}
      propertyPath: m_LocalScale.z
      value: 1
      objectReference: {fileID: 0}
    - target: {fileID: -1504981713932161579, guid: 33be79cf8104643eebd559446d447fb0,
        type: 3}
      propertyPath: m_Enabled
      value: 1
      objectReference: {fileID: 0}
    - target: {fileID: -1504981713932161579, guid: 33be79cf8104643eebd559446d447fb0,
        type: 3}
      propertyPath: m_Materials.Array.data[0]
      value: 
      objectReference: {fileID: 2100000, guid: 2b92b60781aa84a34a64b567ef684004, type: 2}
    - target: {fileID: -927199367670048503, guid: 33be79cf8104643eebd559446d447fb0,
        type: 3}
      propertyPath: m_Name
      value: cloundtext3
      objectReference: {fileID: 0}
    - target: {fileID: -927199367670048503, guid: 33be79cf8104643eebd559446d447fb0,
        type: 3}
      propertyPath: m_Layer
      value: 8
      objectReference: {fileID: 0}
    m_RemovedComponents: []
  m_SourcePrefab: {fileID: 100100000, guid: 33be79cf8104643eebd559446d447fb0, type: 3}
--- !u!1 &7796232248185258746 stripped
GameObject:
  m_CorrespondingSourceObject: {fileID: -927199367670048503, guid: 33be79cf8104643eebd559446d447fb0,
    type: 3}
  m_PrefabInstance: {fileID: 2238336268126149619}
  m_PrefabAsset: {fileID: 0}
--- !u!4 &6515193759336100073 stripped
Transform:
  m_CorrespondingSourceObject: {fileID: -4216859302048453862, guid: 33be79cf8104643eebd559446d447fb0,
    type: 3}
  m_PrefabInstance: {fileID: 2238336268126149619}
  m_PrefabAsset: {fileID: 0}
--- !u!23 &8362359740593157670 stripped
MeshRenderer:
  m_CorrespondingSourceObject: {fileID: -1504981713932161579, guid: 33be79cf8104643eebd559446d447fb0,
    type: 3}
  m_PrefabInstance: {fileID: 2238336268126149619}
  m_PrefabAsset: {fileID: 0}
--- !u!64 &4600742215455444205 stripped
MeshCollider:
  m_CorrespondingSourceObject: {fileID: -6860895033569716450, guid: 33be79cf8104643eebd559446d447fb0,
    type: 3}
  m_PrefabInstance: {fileID: 2238336268126149619}
  m_PrefabAsset: {fileID: 0}
